@misc{reedsolomon,
 title = {{Reed-Solomon Codes paper}},
 author = {I. S. Reed, G. Solomon},
 howpublished = "\url{https://faculty.math.illinois.edu/~duursma/CT/RS-1960.pdf}",
}

@misc{reedsolomon-bruce,
 title = {Reed-Solomon},
 author = {Bruce Maggs},
 howpublished = "\url{https://courses.cs.duke.edu/spring10/cps296.3/rs_scribe.pdf}",
}

@misc{vanddetproof,
 title = {Vandermonde determinant proof},
 author = {Pedro Tamaroff},
 howpublished = "\url{https://math.stackexchange.com/questions/525334/vandermonde-determinant-by-induction}",
}

@misc{vanddetproof2,
 title = {Abstract Algebra, Theory and Applications. \emph{sec.22.2}},
 author = {Thomas W. Judson},
}

@misc{cyclotomicpolyroots,
 title = {Lagrange bases in subgroups of Fp*: a hands-on introduction},
 author = {Alex Kampa},
 howpublished = "\url{https://github.com/aragon/research/blob/main/blog/001_Lagrange/lagrange.pdf}",
}
