@misc{cryptoeprint:2021/529,
      author = {Nicolas Gailly and Mary Maller and Anca Nitulescu},
      title = {SnarkPack: Practical SNARK Aggregation},
      howpublished = {Cryptology ePrint Archive, Paper 2021/529},
      year = {2021},
      note = {\url{https://eprint.iacr.org/2021/529}},
      url = {https://eprint.iacr.org/2021/529}
}

@misc{cryptoeprint:2019/099,
      author = {Mary Maller and Sean Bowe and Markulf Kohlweiss and Sarah Meiklejohn},
      title = {Sonic: Zero-Knowledge SNARKs from Linear-Size Universal and Updateable Structured Reference Strings},
      howpublished = {Cryptology ePrint Archive, Paper 2019/099},
      year = {2019},
      note = {\url{https://eprint.iacr.org/2019/099}},
      url = {https://eprint.iacr.org/2019/099}
}

@misc{kzg-tmp,
      author = {A. Kate and G. M. Zaverucha and and I. Goldberg},
      title = {Constant-size commitments to polynomials and their application},
      year = {2010},
      note = {\url{https://www.iacr.org/archive/asiacrypt2010/6477178/6477178.pdf}},
      url = {https://www.iacr.org/archive/asiacrypt2010/6477178/6477178.pdf}
}

@misc{bls-sig-eth2,
      author = {Eth2.0},
      title = {Eth2.0 book - BLS signatures},
      year = {2010},
      note = {\url{https://eth2book.info/altair/part2/building_blocks/signatures}},
      url = {https://eth2book.info/altair/part2/building_blocks/signatures}
}
@misc{cryptoeprint:2019/1021,
      author = {Sean Bowe and Jack Grigg and Daira Hopwood},
      title = {Recursive Proof Composition without a Trusted Setup},
      howpublished = {Cryptology ePrint Archive, Paper 2019/1021},
      year = {2019},
      note = {\url{https://eprint.iacr.org/2019/1021}},
      url = {https://eprint.iacr.org/2019/1021}
}

@misc{cryptoeprint:2022/621,
      author = {Arantxa Zapico and Vitalik Buterin and Dmitry Khovratovich and Mary Maller and Anca Nitulescu and Mark Simkin},
      title = {Caulk: Lookup Arguments in Sublinear Time},
      howpublished = {Cryptology ePrint Archive, Paper 2022/621},
      year = {2022},
      note = {\url{https://eprint.iacr.org/2022/621}},
      url = {https://eprint.iacr.org/2022/621}
}

@misc{cryptoeprint:2022/957,
      author = {Jim Posen and Assimakis A. Kattis},
      title = {Caulk+: Table-independent lookup arguments},
      howpublished = {Cryptology ePrint Archive, Paper 2022/957},
      year = {2022},
      note = {\url{https://eprint.iacr.org/2022/957}},
      url = {https://eprint.iacr.org/2022/957}
}
